<record><leader>00000cas a22000007a 4500</leader><controlfield tag="001">11776845</controlfield><controlfield tag="008">850307d19111922mtuwr ne      0    0eng d</controlfield><datafield ind1=" " ind2=" " tag="010"><subfield code="a">sn 85053063 </subfield></datafield><datafield ind1=" " ind2=" " tag="040"><subfield code="a">MTL</subfield><subfield code="b">eng</subfield><subfield code="c">MTL</subfield><subfield code="d">OCLCQ</subfield></datafield><datafield ind1=" " ind2=" " tag="042"><subfield code="a">msc</subfield></datafield><datafield ind1="0" ind2="4" tag="245"><subfield code="a">The Conrad independent.</subfield></datafield><datafield ind1=" " ind2=" " tag="260"><subfield code="a">Conrad, Mont. :</subfield><subfield code="b">T.A. Busey,</subfield><subfield code="c">1911-1922.</subfield></datafield><datafield ind1=" " ind2=" " tag="300"><subfield code="a">12 v. :</subfield><subfield code="b">ill. ;</subfield><subfield code="c">54 cm.</subfield></datafield><datafield ind1=" " ind2=" " tag="310"><subfield code="a">Weekly</subfield></datafield><datafield ind1="0" ind2=" " tag="362"><subfield code="a">Vol. 1, no. 1 (Jan. 12, 1911)-v. 12, no. 48 (Dec. 14, 1922).</subfield></datafield><datafield ind1=" " ind2=" " tag="500"><subfield code="a">"Politically the Independent will be Democratic."</subfield></datafield><datafield ind1=" " ind2=" " tag="500"><subfield code="a">"The official paper of the City of Conrad," May 3, 1913-Dec. 30, 1915; "official paper of the County of Teton," Mar. 18, 1915-Mar. 9, 1916; "official publication for Pondera County and City of Conrad," May 5, 1921-Dec. 14, 1922.</subfield></datafield><datafield ind1=" " ind2=" " tag="752"><subfield code="a">United States</subfield><subfield code="b">Montana</subfield><subfield code="c">Pondera</subfield><subfield code="d">Conrad.</subfield></datafield><datafield ind1="0" ind2="7" tag="785"><subfield code="t">Conrad observer</subfield><subfield code="w">(DLC)sn 85053064</subfield></datafield><datafield ind1="0" ind2="7" tag="785"><subfield code="t">Independent-observer (Conrad, Mont.)</subfield><subfield code="w">(DLC)sn 85053065</subfield></datafield></record>